% Encoding: UTF-8
@Book{韩纪庆2019,
  author    = {韩纪庆，张磊，郑铁然},
  publisher = {清华大学出版社},
  title     = {语音信号处理（第3版）},
  year      = {2019},
}

@Article{Sur2009,
  author  = {Shravani Sur and V. K. Sinha},
  journal = {Industrial Psychiatry Journal},
  title   = {Event-related potential: An overview},
  year    = {2009},
}

@Comment{jabref-meta: databaseType:bibtex;}
